@article{Ahmad2021,
  title={Fake news detection using machine learning ensemble methods},
  author={Ahmad, Iftikhar and Yousaf, Muhammad and Yousaf, Suhail and Ahmad, Muhammad Ovais},
  journal={Complexity},
  volume={2020},
  year={2020},
  publisher={Hindawi}
}
@inproceedings{Ajao2019,
  title={Sentiment aware fake news detection on online social networks},
  author={Ajao, Oluwaseun and Bhowmik, Deepayan and Zargari, Shahrzad},
  booktitle={ICASSP 2019-2019 IEEE International Conference on Acoustics, Speech and Signal Processing (ICASSP)},
  pages={2507--2511},
  year={2019},
  organization={IEEE}
}
@inproceedings{Akbik2019,
  title={FLAIR: An easy-to-use framework for state-of-the-art NLP},
  author={Akbik, Alan and Bergmann, Tanja and Blythe, Duncan and Rasul, Kashif and Schweter, Stefan and Vollgraf, Roland},
  booktitle={Proceedings of the 2019 Conference of the North American Chapter of the Association for Computational Linguistics (Demonstrations)},
  pages={54--59},
  year={2019}
}
@inproceedings{Bhutani2019,
  title={Fake News Detection Using Sentiment Analysis},
  author={Bhutani, Bhavika and Rastogi, Neha and Sehgal, Priyanshu and Purwar, Archana},
  booktitle={2019 Twelfth International Conference on Contemporary Computing (IC3)},
  pages={1--5},
  year={2019},
  organization={IEEE Computer Society}
}
@article{Bojanowski2017,
  title={Enriching word vectors with subword information},
  author={Bojanowski, Piotr and Grave, Edouard and Joulin, Armand and Mikolov, Tomas},
  journal={Transactions of the Association for Computational Linguistics},
  volume={5},
  pages={135--146},
  year={2017},
  publisher={MIT Press}
}
@book{Cambria2015,
author = {Cambria, Erik and Hussain, Amir},
booktitle = {Cham: Springer},
doi = {10.1007/s12559-015-9325-0},
publisher = {Springer International Publishing},
isbn = {9783319236537},
issn = {18669964},
title = {{Sentic computing: A Common-Sense-Based Framework for Concept-Level Sentiment Analysis}},
year = {2015}
}
@inproceedings{Cao2018,
  title={CW2VEC: Learning chinese word embeddings with stroke n-gram information},
  author={Cao, Shaosheng and Lu, Wei and Zhou, Jun and Li, Xiaolong},
  booktitle={Thirty-second AAAI Conference on Artificial Intelligence},
  year={2018}
}
@article{Chang2011,
  title={LIBSVM: a library for support vector machines},
  author={Chang, Chih Chung and Lin, Chih Jen},
  journal={ACM Transactions on Intelligent Systems and Technology (TIST)},
  volume={2},
  number={3},
  pages={1--27},
  year={2011},
  publisher={Acm New York, NY, USA}
}
@inproceedings{Chen2015a,
  title={Joint learning of character and word embeddings},
  author={Chen, Xinxiong and Xu, Lei and Liu, Zhiyuan and Sun, Maosong and Luan, Huanbo},
  booktitle={Twenty-Fourth International Joint Conference on Artificial Intelligence},
  year={2015}
}
@incollection{Chen2018,
  title={Radical enhanced Chinese word embedding},
  author={Chen, Zheng and Hu, Keqi},
  booktitle={Chinese Computational Linguistics and Natural Language Processing Based on Naturally Annotated Big Data},
  pages={3--11},
  year={2018},
  publisher={Springer}
}
@article{Chen2015,
  title={Joint model for subsentence-level sentiment analysis with markov logic},
  author={Chen, Ziyan and Huang, Yu and Tian, Jing and Liu, Xiaoyan and Fu, Kun and Huang, Tinglei},
  journal={Journal of the Association for Information Science and Technology},
  volume={66},
  number={9},
  pages={1913--1922},
  year={2015},
  publisher={Wiley Online Library}
}
@book{Cormen2009,
author = {Cormen, Thomas H. and Leiserson, Charles E. and Rivest, Ronald L. and Stein, Clifford},
doi = {10.1007/978-0-387-84870-9_3},
isbn = {9783540241669},
title = {{Introduction to Algorithms}},
year = {2009},
publisher = {Cambridge, Mass, MIT Press}
}
@inproceedings{Cui2019,
  title={Same: sentiment-aware multi-modal embedding for detecting fake news},
  author={Cui, Limeng and Wang, Suhang and Lee, Dongwon},
  booktitle={Proceedings of the 2019 IEEE/ACM International Conference on Advances in Social Networks Analysis and Mining},
  pages={41--48},
  year={2019}
}
@inproceedings{Devlin2018,
  title={Bert: Pre-training of deep bidirectional transformers for language understanding},
  author={Devlin, Jacob and Chang, Ming Wei and Lee, Kenton and Toutanova, Kristina},
  booktitle={Proceedings of NAACL-HLT},
  pages={4171--4186},
  year={2019}
}
@inproceedings{Dong2010,
  title={Hownet and its computation of meaning},
  author={Dong, Zhendong and Dong, Qiang and Hao, Changling},
  booktitle={Coling 2010: Demonstrations},
  pages={53--56},
  year={2010}
}
@inproceedings{Fournier-Viger2011,
  title={Mining top-k sequential rules},
  author={Fournier-Viger, Philippe and Tseng, Vincent S},
  booktitle={International Conference on Advanced Data Mining and Applications},
  pages={180--194},
  year={2011},
  organization={Springer}
}
@inproceedings{Halder2020,
  title={Task-Aware Representation of Sentences for Generic Text Classification},
  author={Halder, Kishaloy and Akbik, Alan and Krapac, Josip and Vollgraf, Roland},
  booktitle={Proceedings of the 28th International Conference on Computational Linguistics},
  pages={3202--3213},
  year={2020}
}

@inproceedings{He2010,
  title={Exploring English Lexicon Knowledge for Chinese Sentiment Analysis},
  author={He, Yulan and Alani, Harith and Zhou, Deyu},
  booktitle={CIPS-SIGHAN Joint Conference on Chinese Language Processing},
  year={2010}
}
@article{hudaib2017movement,
  title={Movement Particle Swarm Optimization Algorithm},
  author={Hudaib, Amjad A and Hwaitat, AKAL},
  journal={Modern Applied Science},
  volume={12},
  number={1},
  pages={148},
  year={2017}
}
@inproceedings{Kula2020,
  title={Sentiment analysis for fake news detection by means of neural networks},
  author={Kula, Sebastian and Chora{\'s}, Micha{\l} and Kozik, Rafa{\l} and Ksieniewicz, Pawe{\l} and Wo{\'z}niak, Micha{\l}},
  booktitle={International Conference on Computational Science},
  pages={653--666},
  year={2020},
  organization={Springer}
}
@inproceedings{Li2014,
  title={Recursive deep learning for sentiment analysis over social data},
  author={Li, Changliang and Xu, Bo and Wu, Gaowei and He, Saike and Tian, Guanhua and Hao, Hongwei},
  booktitle={2014 IEEE/WIC/ACM International Joint Conferences on Web Intelligence (WI) and Intelligent Agent Technologies (IAT)},
  volume={2},
  pages={180--185},
  year={2014},
  organization={IEEE}
}
@inproceedings{Li2018,
  title={Analogical Reasoning on Chinese Morphological and Semantic Relations},
  author={Li, Shen and Zhao, Zhe and Hu, Renfen and Li, Wensi and Liu, Tao and Du, Xiaoyong},
  booktitle={Proceedings of the 56th Annual Meeting of the Association for Computational Linguistics (Volume 2: Short Papers)},
  pages={138--143},
  year={2018}
}
@article{Liu2013,
  title={Combining domain-specific sentiment lexicon with hownet for chinese sentiment analysis.},
  author={Liu, Lizhen and Lei, Mengyun and Wang, Hanshi},
  journal={J. Comput.},
  volume={8},
  number={4},
  pages={878--883},
  year={2013}
}
@article{Liu2015,
  title={A self-adaptive hidden markov model for emotion classification in chinese microblogs},
  author={Liu, Li and Luo, Dashi and Liu, Ming and Zhong, Jun and Wei, Ye and Sun, Letian},
  journal={Mathematical Problems in Engineering},
  volume={2015},
  year={2015},
  publisher={Hindawi}
}
@article{Liu2018,
  title={Exploiting Effective Representations for Chinese Sentiment Analysis Using a Multi-Channel Convolutional Neural Network},
  author={Liu, Pengfei and Zhang, Ji and Leung, Cane Wing Ki and He, Chao and Griffiths, Thomas L},
  journal={arXiv preprint arXiv:1808.02961},
  year={2018}
}
@article{Liu2015a,
  title={A multi-label classification based approach for sentiment classification},
  author={Liu, Shuhua Monica and Chen, Jiun Hung},
  journal={Expert Systems with Applications},
  volume={42},
  number={3},
  pages={1083--1093},
  year={2015},
  publisher={Elsevier}
}
@article{Mikolov2013,
  title={Efficient estimation of word representations in vector space},
  author={Mikolov, Tomas and Chen, Kai and Corrado, Greg and Dean, Jeffrey},
  journal={arXiv preprint arXiv:1301.3781},
  year={2013}
}
@inproceedings{Peng2018,
  title={CSenticNet: a concept-level resource for sentiment analysis in Chinese language},
  author={Peng, Haiyun and Cambria, Erik},
  booktitle={International Conference on Computational Linguistics and Intelligent Text Processing},
  pages={90--104},
  year={2017},
  organization={Springer}
}
@article{Peng2017,
  title={A review of sentiment analysis research in Chinese language},
  author={Peng, Haiyun and Cambria, Erik and Hussain, Amir},
  journal={Cognitive Computation},
  volume={9},
  number={4},
  pages={423--435},
  year={2017},
  publisher={Springer}
}
@inproceedings{Quan2013,
  title={Combine sentiment lexicon and dependency parsing for sentiment classification},
  author={Quan, Changqin and Wei, Xiquan and Ren, Fuji},
  booktitle={Proceedings of the 2013 IEEE/SICE International Symposium on System Integration},
  pages={100--104},
  year={2013},
  organization={IEEE}
}
@inproceedings{Su2017,
  title={Learning Chinese Word Representations From Glyphs Of Characters},
  author={Su, Tzu-Ray and Lee, Hung-Yi},
  booktitle={Proceedings of the 2017 Conference on Empirical Methods in Natural Language Processing},
  pages={264--273},
  year={2017}
}
@inproceedings{Su2014,
  title={Chinese sentiment classification using a neural network toolâ€”Word2vec},
  author={Su, Zengcai and Xu, Hua and Zhang, Dongwen and Xu, Yunfeng},
  booktitle={2014 International Conference on Multisensor Fusion and Information Integration for Intelligent Systems (MFI)},
  pages={1--6},
  year={2014},
  organization={IEEE}
}
@inproceedings{Tan2011,
  title={Building and annotating the linguistically diverse NTU-MC (NTU-multilingual corpus)},
  author={Tan, Liling and Bond, Francis},
  booktitle={Proceedings of the 25th Pacific Asia Conference on Language, Information and Computation},
  pages={362--371},
  year={2011}
}
@article{Tan2008,
  title={An empirical study of sentiment analysis for chinese documents},
  author={Tan, Songbo and Zhang, Jin},
  journal={Expert Systems With Applications},
  volume={34},
  number={4},
  pages={2622--2629},
  year={2008},
  publisher={Elsevier}
}
@inproceedings{Wan2008,
  title={Using bilingual knowledge and ensemble techniques for unsupervised Chinese sentiment analysis},
  author={Wan, Xiaojun},
  booktitle={Proceedings of the 2008 Conference on Empirical Methods in Natural Language Processing},
  pages={553--561},
  year={2008}
}
@inproceedings{Wei2010,
  title={Cross lingual adaptation: an experiment on sentiment classifications},
  author={Wei, Bin and Pal, Christopher},
  booktitle={Proceedings of the ACL 2010 Conference Short Papers},
  pages={258--262},
  year={2010}
}
@inproceedings{Wei2014,
  title={A novel micro-blog sentiment analysis approach by longest common sequence and k-medoids},
  author={Wei, Guannan and An, Haizhong and Dong, Tiancheng and Li, Huajiao},
  booktitle={Proceeding of the 19th Pacific Asia Conference on Information Systems (PACIS 2014)},
  pages={38},
  year={2014}
}
@inproceedings{Wen2014,
  title={Emotion classification in microblog texts using class sequential rules},
  author={Wen, Shiyang and Wan, Xiaojun},
  booktitle={Twenty-Eighth AAAI Conference on Artificial Intelligence},
  year={2014}
}
@article{Wu2015,
  title={Using syntactic rules to combine opinion elements in chinese opinion mining systems},
  author={Wu, Shih Jung and Chiang, Rui Dong},
  journal={Journal of Convergence Information Technology},
  volume={10},
  number={2},
  pages={137},
  year={2015},
  publisher={Advanced Institutes of Convergence Information Technology}
}
@article{Xiong2014,
  title={Chinese Sentiment Analysis Using Appraiser-Degree-Negation Combinations and PSO.},
  author={Xiong, Wen and Jin, Yaohong and Liu, Zhiying},
  journal={J. Comput.},
  volume={9},
  number={6},
  pages={1410--1417},
  year={2014}
}
@inproceedings{Xu2010,
  title={Expanding Chinese sentiment dictionaries from large scale unlabeled corpus},
  author={Xu, Hongzhi and Zhao, Kai and Qiu, Likun and Hu, Changjian},
  booktitle={Proceedings of the 24th Pacific Asia Conference on Language, Information and Computation},
  pages={301--310},
  year={2010}
}
@article{Xu2013,
  title={Sentiment Recognition of Online Chinese Micro Movie Reviews Using Multiple Probabilistic Reasoning Model.},
  author={Xu, Wei and Liu, Zhi and Wang, Tai and Liu, Sanya},
  journal={J. Comput.},
  volume={8},
  number={8},
  pages={1906--1911},
  year={2013},
  publisher={Citeseer}
}
@article{Yang2020,
  title={CHECKED: Chinese COVID-19 fake news dataset},
  author={Yang, Chen and Zhou, Xinyi and Zafarani, Reza},
  journal={Social Network Analysis and Mining},
  volume={11},
  number={1},
  pages={1--8},
  year={2021},
  publisher={Springer}
}
@inproceedings{Yu2017,
  title={Joint embeddings of chinese words, characters, and fine-grained subcharacter components},
  author={Yu, Jinxing and Jian, Xun and Xin, Hao and Song, Yangqiu},
  booktitle={Proceedings of the 2017 Conference on Empirical Methods in Natural Language Processing},
  pages={286--291},
  year={2017}
}
@article{Yuan2013,
  title={Sentiment classification in Chinese microblogs: lexicon-based and learning-based approaches},
  author={Yuan, Bo and Liu, Ying and Li, Hui},
  journal={International Proceedings of Economics Development and Research},
  volume={68},
  pages={1},
  year={2013},
  publisher={IACSIT Press}
}
@inproceedings{Zagibalov2008,
  title={Unsupervised classification of sentiment and objectivity in Chinese text},
  author={Zagibalov, Taras and Carroll, John A},
  booktitle={Proceedings of the Third International Joint Conference on Natural Language Processing: Volume I},
  year={2008}
}
@article{Zhai2011,
  title={Exploiting effective features for chinese sentiment classification},
  author={Zhai, Zhongwu and Xu, Hua and Kang, Bada and Jia, Peifa},
  journal={Expert Systems with Applications},
  volume={38},
  number={8},
  pages={9139--9146},
  year={2011},
  publisher={Elsevier}
}
@article{Zhang2009,
  title={Sentiment analysis of Chinese documents: From sentence to document level},
  author={Zhang, Changli and Zeng, Daniel and Li, Jiexun and Wang, Fei-Yue and Zuo, Wanli},
  journal={Journal of the American Society for Information Science and Technology},
  volume={60},
  number={12},
  pages={2474--2487},
  year={2009},
  publisher={Wiley Online Library}
}


@article{Zhang2013,
  title={A weakly supervised approach to Chinese sentiment classification using partitioned self-training},
  author={Zhang, Pu and He, Zhongshi},
  journal={Journal of Information Science},
  volume={39},
  number={6},
  pages={815--831},
  year={2013},
  publisher={Sage Publications Sage UK: London, England}
}